@misc{scythe2024yocto,
  author    = {Scythe Studio},
  title     = {Yocto Linux - Build Your Own Embedded Linux Distribution},
  year      = {2024},
  month     = {February 27},
  url       = {https://scythe-studio.com/en/blog/yocto-linux-build-your-own-embedded-linux-distribution},
  note      = {Accessed: 2025-03-23}
}
@misc{devlinux2024yocto,
  author       = {DevLinux},
  title        = {Yocto Project},
  year         = {2024},
  url          = {https://devlinux.vn/blogs/Yocto-Project},
  note         = {Accessed: 2025-03-23}
}